@ARTICLE{Finazzi,
	author = {Ignazio F. Finazzi},
	title = {LaTeX template for Master's Thesis of {UEMC}},
	journal = {UEMC},
	year = 2020,
	volume = 1,
	number = 1,
	pages = "1"
}

